
@misc
{
	opencv,
	title = {OpenCV},
	author = {Open Source},
	url = {http://www.opencv.org}
}

@misc
{
	javacv,
	title = {JavaCV},
	author = {Open Source},
	url = {http://code.google.com/p/javacv/}
}

@misc
{
	hough2003,
	title = {Hough Transforms},
	author = {R. Fisher, S. Perkins, A. Walker and E. Wolfart},
	year = {2003},
	url = {http://homepages.inf.ed.ac.uk/rbf/HIPR2/hough.htm}
}

@article
{
	lienhart2002,
	title = {An Extended Set of Haar-like Features for Rapid Object Detection},
	author = {Rainer Lienhart and Jochen Maydt},
	journal = {IEEE 2002 International Conference on Image Processing},
	year = {2002}
}

% se evt. nedst√•ende eksempler for kileangivning

@Book{
random1,
title = {},
publisher = {},
edition = {.},
author = {},
year = {},
isbn = {}
}


@misc{
random2,
title = {},
author = {},
year = {},
note = {}
}
